<?xml version="1.0" encoding="UTF-8"?><collection xmlns="http://www.loc.gov/MARC21/slim"><record><leader>00431nam--2200133-i-4500</leader><controlfield tag="001">000011189</controlfield><controlfield tag="002">20161230</controlfield><controlfield tag="005">20161230201029</controlfield><controlfield tag="008">060222s1000------------r-----000-0-eng-d</controlfield><datafield ind1=" " ind2=" " tag="080"><subfield code="a">621.039.58(047.1)</subfield></datafield><datafield ind1=" " ind2=" " tag="100"><subfield code="a">Bergemann, W</subfield></datafield><datafield ind1=" " ind2=" " tag="245"><subfield code="a">Erfassung von qualitatsabweichungen in der pha se der errichtung von kernkraftwerken</subfield></datafield><datafield ind1=" " ind2=" " tag="260"><subfield code="a">Berlin, Staatliches Amt Fur Atomisicherheit Un D Strahlenschuts, 1974 /19-23 P.</subfield></datafield><datafield ind1=" " ind2=" " tag="852"><subfield code="a">15240</subfield></datafield></record></collection>